@Patent{progbib1,
  heading =      {Свидетельство о гос. регистрации программы для {ЭВМ}},
  author =       {Петров, П. П.},
  title =        {foobar},
  media =        {text},
  holder =       {НИИ~ГДААДАВБА},
  reqnumber =    1234567890,
  publdate =     {2020-01-02},
  date =         {2020-01-01},
  prnumber =     1234567890,
  prcountry =    {countryru},
  language =     {russian},
  authorprogram ={yes},
}